@book{harris2021,
  author    = {Sarah L. Harris and David Money Harris},
  title     = {Digital Design and Computer Architecture: RISC-V Edition},
  year      = {2021},
  publisher = {Morgan Kaufmann}
}

@misc{riscv_spec2024,
  title        = {The RISC-V Instruction Set Manual, Volume I: User-Level ISA},
  howpublished = {\url{https://drive.google.com/file/d/1uviu1nH-tScFfgrovvFCrj7Omv8tFtkp/view}},
  year         = {2024},
  note         = {Version 20240411}
}

@misc{cheatsheet,
  author       = {Will Green},
  title        = {RISC-V Cheat Sheet},
  year         = {2021},
  howpublished = {\url{https://projectf.io/posts/riscv-cheat-sheet/}},
  note         = {Accessed May 2025}
}

@misc{rvcodecjs,
  title        = {RISC-V Instruction Decoder - rvcodecjs},
  howpublished = {\url{https://luplab.gitlab.io/rvcodecjs/}},
  note         = {Accessed May 2025}
}
